@book{chang2013,
  title={R Graphics Cookbook},
  author={Chang, W.},
  isbn={9781449316952},
  series={Oreilly and Associate Series},
  url={https://books.google.com/books?id=_iVFgKTRYrQC},
  year={2013},
  publisher={O'Reilly Media, Incorporated}
}

@article{gelman2002,
  ISSN = {00031305},
  URL = {http://www.jstor.org/stable/3087382},
  author = {Gelman, Andrew and Pasarica, Cristian and Dodhia, Rahul},
  journal = {The American Statistician},
  number = {2},
  pages = {121--130},
  publisher = {American Statistical Association, Taylor & Francis, Ltd.},
  title = {Let's Practice What We Preach: Turning Tables into Graphs},
  volume = {56},
  year = {2002}
}

@article{grolemund2011,
   author = {Grolemund, Garrett and Wickham, Hadley},
   title = {Dates and Times Made Easy with lubridate},
   journal = {Journal of Statistical Software, Articles},
   volume = {40},
   number = {3},
   year = {2011},
   issn = {1548-7660},
   pages = {1--25},
   doi = {10.18637/jss.v040.i03},
   url = {https://www.jstatsoft.org/v040/i03}
}

@book{mecklenburg2009,
  title={Managing Projects with GNU Make},
  author={Mecklenburg, Robert},
  isbn={9780596006105},
  series={Nutshell Handbooks},
  url={http://shop.oreilly.com/product/9780596006105.do},
  year={2009},
  publisher={O'Reilly Media}
}

@book{murrell2005,
  title={R Graphics},
  author={Murrell, Paul},
  isbn={9781420035025},
  lccn={2005046278},
  series={Chapman \& Hall/CRC The R Series},
  url={https://books.google.com/books?id=Elu6zp4E9qAC},
  year={2005},
  publisher={CRC Press}
}

@book{robbins2012,
  title={Creating More Effective Graphs},
  author={Robbins, Naomi B.},
  isbn={9780471698173},
  url={https://books.google.com/books?id=2FBD01yHfpQC},
  year={2012},
  publisher={Wiley}
}

@article{rogowitz1996,
  title={Why Should Engineers and Scientists be Worried about Color?},
  author={Rogowitz, Bernice E and Treinish, Lloyd A},
  journal={IBM Thomas J. Watson Research Center, Yorktown Heights, NY},
  year={1996}
}

@book{spector2008,
  title={Data Manipulation with R},
  author={Spector, P.},
  isbn={9780387747309},
  lccn={2008921862},
  series={Use R!},
  url={https://books.google.com/books?id=grfuq1twFe4C},
  year={2008},
  publisher={Springer}
}

@article{white2013,
 title = {Nine simple ways to make it easier to (re)use your data},
 author = {White, Ethan P. and Baldridge, Elita and Brym, Zachary T. and Locey, Kenneth J. and McGlinn, Daniel J. and Supp, Sarah R.},
 year = 2013,
 month = jul,
 volume = 1,
 pages = {e7v2},
 journal = {PeerJ PrePrints},
 issn = {2167-9843},
 url = {https://doi.org/10.7287/peerj.preprints.7v2},
 doi = {10.7287/peerj.preprints.7v2}
}

@book{wickham2009,
  title={ggplot2: Elegant Graphics for Data Analysis},
  author={Wickham, Hadley},
  isbn={9780387981413},
  lccn={2009928510},
  series={Use R!},
  url={https://books.google.com/books?id=bes-AAAAQBAJ},
  year={2009},
  publisher={Springer New York}
}

@Article{wickham2010,
  author = {Wickham, Hadley},
  doi = {10.1198/jcgs.2009.07098},
  journal = {Journal of Computational and Graphical Statistics},
  number = {1},
  pages = {3â€“28},
  title = {A layered grammar of graphics},
  volume = {19},
  year = {2010},
  bdsk-url-1 = {http://dx.doi.org/10.1198/jcgs.2009.07098},
}

@article{wickham2011a,
   author = {Wickham, Hadley},
   title = {The Split-Apply-Combine Strategy for Data Analysis},
   journal = {Journal of Statistical Software, Articles},
   volume = {40},
   number = {1},
   year = {2011},
   issn = {1548-7660},
   pages = {1--29},
   doi = {10.18637/jss.v040.i01},
   url = {https://www.jstatsoft.org/v040/i01}
}

@article{wickham2011b,
  title={testthat: Get started with testing},
  author={Wickham, Hadley},
  journal={The R Journal},
  volume={3},
  number={1},
  pages={5--10},
  year={2011}
}

@article{wickham2014,
   author = {Hadley  Wickham},
   title = {Tidy Data},
   journal = {Journal of Statistical Software, Articles},
   volume = {59},
   number = {10},
   year = {2014},
   issn = {1548-7660},
   pages = {1--23},
   doi = {10.18637/jss.v059.i10},
   url = {https://www.jstatsoft.org/v059/i10}
}

@book{wickham2015a,
  title={Advanced R},
  author={Wickham, H},
  isbn={9781498759809},
  series={Chapman \& Hall/CRC The R Series},
  url={https://books.google.com/books?id=FfsYCwAAQBAJ},
  year={2015},
  publisher={CRC Press}
}

@book{wickham2015b,
  title={R Packages: Organize, Test, Document, and Share Your Code},
  author={Wickham, Hadley},
  isbn={9781491910542},
  lccn={2015472811},
  url={https://books.google.com/books?id=eqOxBwAAQBAJ},
  year={2015},
  publisher={O'Reilly Media}
}

@book{wickham2016,
  title={R for Data Science: Import, Tidy, Transform, Visualize, and Model Data},
  author={Wickham, Hadley and Grolemund, Garrett},
  isbn={9781491910368},
  lccn={2017300238},
  url={https://books.google.com/books?id=vfi3DQAAQBAJ},
  year={2016},
  publisher={O'Reilly Media}
}

@book{wickham-unpub,
  title={R Packages},
  author={Wickham, Hadley and Bryan, Jenny},
  url={https://r-pkgs.org},
  edition = {2nd},
  pubstate={in progress}
}

@book{xie2015,
  title = {Dynamic Documents with {R} and knitr},
  author = {Yihui Xie},
  publisher = {Chapman and Hall/CRC},
  address = {Boca Raton, Florida},
  year = {2015},
  edition = {2nd},
  note = {ISBN 978-1498716963},
  url = {http://yihui.name/knitr/},
}

@article{zeileis2009,
  title = "Escaping RGBland: Selecting colors for statistical graphics",
  journal = "Computational Statistics & Data Analysis",
  volume = "53",
  number = "9",
  pages = "3259 - 3270",
  year = "2009",
  issn = "0167-9473",
  doi = "10.1016/j.csda.2008.11.033",
  url = "http://www.sciencedirect.com/science/article/pii/S0167947308005549",
  author = "Achim Zeileis and Kurt Hornik and Paul Murrell"
}

@book{fox2016applied,
	address = {Los Angeles},
	edition = {Third edition},
	title = {Applied Regression Analysis and Generalized Linear Models},
	isbn = {978-1-4522-0566-3},
	language = {English},
	publisher = {SAGE Publications, Inc},
	author = {Fox, John},
	year = {2016},
}

@unpublished{lin2022power,
  title = {The Power of Data Visualization},
  author = {Lin, Chujun},
  year = {2022},
  note = {PsyArXiv preprint},
  url = {https://psyarxiv.com/dnr9s/},
  doi = {10.31234/osf.io/dnr9s}
}